@conference{WeRob16,
  author       = {M. Xochicale and C. Baber and M. Oussalah},
  title        = {Analysis of the Movement Variability in Dance Activities using Wearable Sensors},
  note         = {2nd International Symposium on Wearable Robotics (WeRob16)},
  month =   {October},
  year = {2016},
  address =      {La Granja, Segovia, Spain}
}
